@article{Bogomolny,
      author         = "Bogomolny, E. B.",
      title          = "{Stability of Classical Solutions}",
      journal        = "Sov. J. Nucl. Phys.",
      volume         = "24",
      year           = "1976",
      pages          = "449",
      note           = "[Yad. Fiz.24,861(1976)]",
      reportNumber   = "PRINT-76-0543 (LANDAU-INST.)",
      SLACcitation   = "%%CITATION = SJNCA,24,449;%%"
}

@book{giaquinta2004calculus,
  title={Calculus of Variations I},
  author={Giaquinta, M. and Hildebrandt, S.},
  isbn={9783540506256},
  lccn={96020429},
  series={Grundlehren der mathematischen Wissenschaften},
  url={https://books.google.com.mx/books?id=4NWZdMBH1fsC},
  year={2004},
  publisher={Springer Berlin Heidelberg}
}

@book{frankel_2011,
  place={Cambridge},
  edition={3},
  title={The Geometry of Physics: An Introduction},
  DOI={10.1017/CBO9781139061377},
  publisher={Cambridge University Press},
  author={Frankel, Theodore},
  year={2011}
}

@article{PhysRev.145.1156,
  title = {Spontaneous Symmetry Breakdown without Massless Bosons},
  author = {Higgs, Peter W.},
  journal = {Phys. Rev.},
  volume = {145},
  issue = {4},
  pages = {1156--1163},
  numpages = {0},
  year = {1966},
  month = {May},
  publisher = {American Physical Society},
  doi = {10.1103/PhysRev.145.1156},
  url = {https://link.aps.org/doi/10.1103/PhysRev.145.1156}
}

@article{gladikowski1996-the-origin,
  title = {Skyrme-Maxwell solitons in 2+1 dimensions},
  author = {Gladikowski, J. and Piette, B. M. A. G. and Schroers, B. J.},
  journal = {Phys. Rev. D},
  volume = {53},
  issue = {2},
  pages = {844--851},
  numpages = {0},
  year = {1996},
  month = {Jan},
  publisher = {American Physical Society},
  doi = {10.1103/PhysRevD.53.844},
  url = {https://0-link-aps-org.wam.leeds.ac.uk/doi/10.1103/PhysRevD.53.844}
}

@article{schroers1995bogomol,
  title={Bogomol'nyi solitons in a gauged O (3) sigma model},
  author={Schroers, BJ},
  journal={Physics Letters B},
  volume={356},
  number={2-3},
  pages={291--296},
  year={1995},
  publisher={Elsevier}
}

@article{tong2002ns5,
  title={NS5-branes, T-duality and worldsheet instantons},
  author={Tong, David},
  journal={Journal of High Energy Physics},
  volume={2002},
  number={07},
  pages={013},
  year={2002},
  publisher={IOP Publishing}
}

@inproceedings{yang1999strings,
  title={Strings of opposite magnetic charges in a gauge field theory},
  author={Yang, Yisong},
  booktitle={Proceedings of the Royal Society of London A: Mathematical, Physical and Engineering Sciences},
  volume={455},
  number={1982},
  pages={601--629},
  year={1999},
  organization={The Royal Society}
}

@book{abramowitz1964handbook,
  title={Handbook of Mathematical Functions: With Formulas, Graphs, and Mathematical Tables},
  author={Abramowitz, M. and Stegun, I.A.},
  isbn={9780486612720},
  lccn={lc65012253},
  series={Applied mathematics series},
  url={https://books.google.co.uk/books?id=MtU8uP7XMvoC},
  year={1964},
  publisher={Dover Publications}
}

@book{arnold-mathematical-methods,
  title={Mathematical Methods of Classical Mechanics},
  author={Arnolʹd, V.I. and Vogtmann, K. and Weinstein, A.},
  isbn={9783540968900},
  lccn={97221119},
  series={Graduate texts in mathematics},
  url={https://books.google.co.uk/books?id=cJ3BQgAACAAJ},
  year={1989},
  publisher={Springer}
}

@article{speight-static-intervortex-forces,
  title = {Static intervortex forces},
  author = {Speight, J. M.},
  journal = {Phys. Rev. D},
  volume = {55},
  issue = {6},
  pages = {3830--3835},
  numpages = {0},
  year = {1997},
  month = {Mar},
  publisher = {American Physical Society},
  doi = {10.1103/PhysRevD.55.3830},
  url = {https://link.aps.org/doi/10.1103/PhysRevD.55.3830}
}

@Article{manton-speight-asymptotic,
author="Manton, N.S.
and Speight, J.M.",
title="Asymptotic Interactions of Critically Coupled Vortices",
journal="Communications in Mathematical Physics",
year="2003",
month="Jun",
day="01",
volume="236",
number="3",
pages="535--555",
abstract="{\enspace}At critical coupling, the interactions of Ginzburg-Landau vortices are determined by the metric on the moduli space of static solutions. Here, a formula for the asymptotic metric for two well separated vortices is obtained, which depends on a modified Bessel function. A straightforward extension gives the metric for N vortices. The asymptotic metric is also shown to follow from a physical model, where each vortex is treated as a point-like particle carrying a scalar charge and a magnetic dipole moment of the same magnitude. The geodesic motion of two well separated vortices is investigated, and the asymptotic dependence of the scattering angle on the impact parameter is determined. Formulae for the asymptotic Ricci and scalar curvatures of the N-vortex moduli space are also obtained.",
issn="1432-0916",
doi="10.1007/s00220-003-0842-4",
url="https://doi.org/10.1007/s00220-003-0842-4"
}

@article{jackiw-manton,
title = "Symmetries and conservation laws in gauge theories",
journal = "Annals of Physics",
volume = "127",
number = "2",
pages = "257 - 273",
year = "1980",
issn = "0003-4916",
doi = "https://doi.org/10.1016/0003-4916(80)90098-6",
url = "http://www.sciencedirect.com/science/article/pii/0003491680900986",
author = "R Jackiw and N.S Manton"
}

@article{riesz,
    Author = {M. {Riesz}},
    Title = {{Int\'egrales de Riemann-Liouville et potentiels.}},
    FJournal = {{Acta Litterarum ac Scientiarum. Regiae Universitatis Hungaricae Francisco-Josephinae. Sectio Scientiarum Mathematicarum}},
    Journal = {{Acta Litt. Sci. Szeged}},
    Volume = {9},
    Pages = {1--42},
    Year = {1938},
    Language = {French},
    Zbl = {64.0476.03}
}

@book{hadamard2003lectures,
  title={Lectures on Cauchy's Problem in Linear Partial Differential Equations},
  author={Hadamard, J.},
  isbn={9780486495491},
  lccn={2003061839},
  series={Dover phoenix editions},
  url={https://books.google.co.uk/books?id=B25O-x21uqkC},
  year={2003},
  publisher={Dover Publications}
}

@article{cauchy-pompeiu,
    Author = {D. {Pomp\'eiu}},
    Title = {{Sur la continuit\'e des fonctions de variables complexes.}},
    FJournal = {{Annales de la Facult\'e des Sciences de l'Universit\'e de Toulouse pour les Sciences Math\'ematiques et les Sciences Physiques. 2i\`eme S\'erie}},
    Journal = {{Toulouse Ann. (2)}},
    ISSN = {0240-2963},
    Volume = {7},
    Pages = {264--315},
    Year = {1905},
    Publisher = {Gauthier-Villars, Paris},
    Language = {French},
    Zbl = {36.0454.04}
}

@article {dirac621,
	title = {The physical interpretation of the quantum dynamics},
        author= {Dirac, P. A. M.},
	volume = {113},
	number = {765},
	pages = {621--641},
	year = {1927},
	doi = {10.1098/rspa.1927.0012},
	publisher = {The Royal Society},
	issn = {0950-1207},
	URL = {http://rspa.royalsocietypublishing.org/content/113/765/621},
	eprint = {http://rspa.royalsocietypublishing.org/content/113/765/621.full.pdf},
	journal = {Proceedings of the Royal Society of London A: Mathematical, Physical and Engineering Sciences}
}

@book{schwartz1957,
  title={Th{\'e}orie des distributions},
  author={Schwartz, L.},
  number={2 vols.},
  lccn={a58003473},
  series={Actualit{\'e}s scientifiques et industrielles : Publications de l'Institut de Math{\'e}matique de l'Universit{\'e} de Strasbourg},
  url={https://books.google.co.uk/books?id=mWkwvgAACAAJ},
  year={1957},
  publisher={Jouve}
}

@article{sobolev36,
  author = 	 {S.~Soboleff},
  title = 	 {M\'ethode nouvelle \`a r\'esoudre le probl\`eme de Cauchy pour les \'equations lin\'eaires hyperboliques normales},
  journal = 	 {Rec. Math. [Mat. Sbornik] N.S.},
  year = 	 {1936},
  volume = 	 {1(43)},
  number = 	 {1},
  pages = 	 {39--72},
  url=           {http://mi.mathnet.ru/msb5358}
}

@article{nasir-vortices-disk,
  author={Sazzad Mahmud Nasir},
  title={Study of Bogomol'nyi vortices on a disk},
  journal={Nonlinearity},
  volume={11},
  number={3},
  pages={445},
  url={http://stacks.iop.org/0951-7715/11/i=3/a=004},
  year={1998},
  abstract={Bogomol'nyi vortices on a disk with Dirichlet boundary conditions are investigated and solutions are shown to exist. The dimension of the moduli space of solutions is twice the vortex number. For one vortex near the boundary of the disk, the moduli space looks like a hyperbolic plane. To check these findings various numerical tests are made on square domains with/without holes.}
}

@article{manton-nasir,
  author={N S Manton and S M Nasir},
  title={Conservation laws in a first-order dynamical system of vortices},
  journal={Nonlinearity},
  volume={12},
  number={4},
  pages={851},
  url={http://stacks.iop.org/0951-7715/12/i=4/a=306},
  year={1999},
  abstract={The conservation laws for linear and angular momenta in a Schrödinger-Chern-Simons field theory modelling vortex dynamics in planar superconductors are studied. In analogy with fluid vortices it is possible to express the linear and angular momenta as low moments of vorticity. The conservation laws are shown to be consistent with those obtained in the moduli space approximation for vortex dynamics, valid close to the Bogomol'nyi limit. For Bogomol'nyi vortices, the relevant moments of vorticity can be evaluated fairly explicitly, as can the integral of log| ##IMG## [http://ej.iop.org/icons/common/phi.gif] {phi} | 2 , where ##IMG## [http://ej.iop.org/icons/common/phi.gif] {phi} is the scalar field. Conservation of angular momentum prevents a single vortex from escaping to infinity.}
}

@Article{stuart1999,
author="Stuart, D.M.A.",
title="Periodic Solutions of the Abelian Higgs Model and Rigid Rotation of Vortices",
journal="Geometric {\&} Functional Analysis GAFA",
year="1999",
month="Jun",
day="01",
volume="9",
number="3",
pages="568--595",
abstract="The metric and potential energy on the reduced moduli space of selfdual vortices in the Abelian Higgs model on                   {\$} S^2 {\$}                 are computed in a certain limit, first identified by Bradlow. In this limit it is proved that the Higgs field is asymptotic to a standard holomorphic section. These results are then used to prove a theorem asserting the existence of time-periodic solutions of the Abelian Higgs model on                   {\$} {\{}{\backslash}Bbb R{\}} {\backslash}times S^2 {\$}                 which represent two vortices in rigid rotation about one another. The theorem answers affirmatively the question, raised by Jaffe and Taubes, of whether a balance between the inter-vortex attraction and the centrifugal repulsion provides for the existence of such solutions (as it does in the classical two body problem for point particles.) The starting point of the analysis is the adiabatic limit system, i.e. the Hamiltonian system defined by restricting the Abelian Higgs model to the moduli space of self-dual vortices. The Hamiltonian consists of a potential energy term and kinetic energy term which is given by the metric on the moduli space induced from                   {\$} L^2 {\$}                . It is shown under two assumptions on the metric and potential energy that the adiabatic limit system admits periodic solutions of the required type. Periodic solutions to the full system are then obtained by an application of the implicit function theorem. Explicit examples where the assumptions on the adiabatic limit system hold are provided by the computations of the metric and potential in the Bradlow limit.",
issn="1420-8970",
doi="10.1007/s000390050096",
url="https://doi.org/10.1007/s000390050096"
}

@article{manton1993StatisticalMec,
title = "Statistical mechanics of vortices",
journal = "Nuclear Physics B",
volume = "400",
number = "1",
pages = "624 - 632",
year = "1993",
issn = "0550-3213",
doi = "https://doi.org/10.1016/0550-3213(93)90418-O",
url = "http://www.sciencedirect.com/science/article/pii/055032139390418O",
author = "N.S. Manton"
}

@article{stuart1994dynamics,
author = "Stuart, D.",
fjournal = "Communications in Mathematical Physics",
journal = "Comm. Math. Phys.",
number = "1",
pages = "51--91",
publisher = "Springer",
title = "Dynamics of abelian Higgs vortices in the near Bogomolny regime",
url = "https://projecteuclid.org:443/euclid.cmp/1104254491",
volume = "159",
year = "1994"
}

@article{manton198254,
title = "A remark on the scattering of BPS monopoles",
journal = "Physics Letters B",
volume = "110",
number = "1",
pages = "54 - 56",
year = "1982",
issn = "0370-2693",
doi = "https://doi.org/10.1016/0370-2693(82)90950-9",
url = "http://www.sciencedirect.com/science/article/pii/0370269382909509",
author = "N.S. Manton"
}

@article{stuart1994geodesic,
author = "Stuart, D.",
fjournal = "Communications in Mathematical Physics",
journal = "Comm. Math. Phys.",
number = "1",
pages = "149--190",
publisher = "Springer",
title = "The geodesic approximation for the Yang-Mills-Higgs equations",
url = "https://projecteuclid.org:443/euclid.cmp/1104271507",
volume = "166",
year = "1994"
}

@article{strachan,
author = {I. A. B. Strachan},
title = {Low‐velocity scattering of vortices in a modified Abelian Higgs model},
journal = {Journal of Mathematical Physics},
volume = {33},
number = {1},
pages = {102-110},
year = {1992},
doi = {10.1063/1.529949},

URL = { 
        https://doi.org/10.1063/1.529949
    
},
eprint = { 
        https://doi.org/10.1063/1.529949
    
}

}

@book{vladimirov2002methods,
  title={Methods of the Theory of Generalized Functions},
  author={Vladimirov, V.S.},
  isbn={9780415273565},
  lccn={2005281327},
  series={Analytical Methods and Special Functions},
  url={https://books.google.co.uk/books?id=hlumB8fkX0UC},
  year={2002},
  publisher={Taylor \& Francis}
}

@book{caplow1965distribution,
  title={Distribution Theory and Transform Analysis: An Introduction to Generalized Functions, with Applications},
  author={Zemanian, A.H.},
  series={International series in pure and applied mathematics},
  url={https://books.google.co.uk/books?id=cql-AQAACAAJ},
  year={1965}
}

@book{bell2015cauchy,
  title={The Cauchy Transform, Potential Theory and Conformal Mapping, 2nd Edition},
  author={Bell, S.R.},
  isbn={9781498727211},
  url={https://books.google.co.uk/books?id=3mjdCgAAQBAJ},
  year={2015},
  publisher={CRC Press}
}

@book{guillemin1990symplectic,
  title={Symplectic Techniques in Physics},
  author={Guillemin, V. and Sternberg, S.},
  isbn={9780521389907},
  lccn={83007762},
  url={https://books.google.co.uk/books?id=O7Rbx4ptxqsC},
  year={1990},
  publisher={Cambridge University Press}
}

@article{samols1992,
author = "Samols, T. M.",
fjournal = "Communications in Mathematical Physics",
journal = "Comm. Math. Phys.",
number = "1",
pages = "149--179",
publisher = "Springer",
title = "Vortex scattering",
url = "https://projecteuclid.org:443/euclid.cmp/1104249538",
volume = "145",
year = "1992"
}
@article {Sibner593,
	author = {Sibner, Lesley and Sibner, Robert and Yang, Yisong},
	title = {Abelian gauge theory on Riemann surfaces and new topological invariants},
	volume = {456},
	number = {1995},
	pages = {593--613},
	year = {2000},
	doi = {10.1098/rspa.2000.0532},
	publisher = {The Royal Society},
	abstract = {An Abelian gauge field theory framed on a complex line bundle L over a compact Riemann surface M is developed which allows the coexistence, simultaneously in the same model, of magnetic vortices and antivortices represented by the N zeros and P poles of a section of L. The quantized minimum energy E is given in terms of the first Chern class c1(L) and by a certain intersection number obtained from the multivortices. We show that E = 2π(N + P). To realize such topological invariants as minimum energies, an existence and uniqueness theorem is established under the necessary and sufficient condition that |c1(L)| = |N - P| \&lt; (total volume of M)/2π},
	issn = {1364-5021},
	URL = {http://rspa.royalsocietypublishing.org/content/456/1995/593},
	eprint = {http://rspa.royalsocietypublishing.org/content/456/1995/593.full.pdf},
	journal = {Proceedings of the Royal Society of London A: Mathematical, Physical and Engineering Sciences}
}

@book{manton2004topological,
  title={Topological Solitons},
  author={Manton, N. and Sutcliffe, P.},
  isbn={9781139454698},
  series={Cambridge Monographs on Mathematical Physics},
  url={https://books.google.co.uk/books?id=e2tPhFdSUf8C},
  year={2004},
  publisher={Cambridge University Press}
}

@ARTICLE{2017JPhA...50l5403M,
   author = {{Manton}, N.~S.},
    title = "{Five vortex equations}",
  journal = {Journal of Physics A Mathematical General},
archivePrefix = "arXiv",
   eprint = {1612.06710},
 primaryClass = "hep-th",
     year = 2017,
    month = mar,
   volume = 50,
   number = 12,
      eid = {125403},
    pages = {125403},
      doi = {10.1088/1751-8121/aa5f19},
   adsurl = {http://adsabs.harvard.edu/abs/2017JPhA...50l5403M},
  adsnote = {Provided by the SAO/NASA Astrophysics Data System}
}

@article{Cieliebak2001,
abstract = {In this paper we define invariants of Hamiltonian group actions for central regular values of the moment map. The key hypotheses are that the moment map is proper and that the ambient manifold is symplectically aspherical. The invariants are based on the symplectic vortex equations. Applications include an existence theorem for relative periodic orbits, a computation for circle actions on a complex vector space, and a theorem about the relation between the invariants introduced here and the Seiberg-Witten invariants of a product of a Riemann surface with a two-sphere.},
archivePrefix = {arXiv},
arxivId = {math/0111176},
author = {Cieliebak, Kai and Gaio, A Rita and Riera, Ignasi Mundet I and Salamon, Dietmar},
eprint = {0111176},
file = {:home/israel/.local/share/data/Mendeley Ltd./Mendeley Desktop/Downloaded/Cieliebak et al. - 2002 - The symplectic vortex equations and invariants of Hamiltonian group actions.pdf:pdf},
issn = {1527-5256},
journal = {J Symplectic Geom},
number = {3},
pages = {87},
primaryClass = {math},
title = {{The symplectic vortex equations and invariants of Hamiltonian group actions}},
url = {https://arxiv.org/pdf/math/0111176.pdf http://arxiv.org/abs/math/0111176},
volume = {1},
year = {2001}
}

@article{Cieliebak2001,
abstract = {In this paper we define invariants of Hamiltonian group actions for central regular values of the moment map. The key hypotheses are that the moment map is proper and that the ambient manifold is symplectically aspherical. The invariants are based on the symplectic vortex equations. Applications include an existence theorem for relative periodic orbits, a computation for circle actions on a complex vector space, and a theorem about the relation between the invariants introduced here and the Seiberg-Witten invariants of a product of a Riemann surface with a two-sphere.},
archivePrefix = {arXiv},
arxivId = {math/0111176},
author = {Cieliebak, Kai and Gaio, A Rita and Riera, Ignasi Mundet I and Salamon, Dietmar},
eprint = {0111176},
file = {:home/israel/.local/share/data/Mendeley Ltd./Mendeley Desktop/Downloaded/Cieliebak et al. - 2002 - The symplectic vortex equations and invariants of Hamiltonian group actions.pdf:pdf},
issn = {1527-5256},
journal = {J Symplectic Geom},
number = {3},
pages = {87},
primaryClass = {math},
title = {{The symplectic vortex equations and invariants of Hamiltonian group actions}},
url = {https://arxiv.org/pdf/math/0111176.pdf http://arxiv.org/abs/math/0111176},
volume = {1},
year = {2001}
}


@article{taubes1980,
author = "Taubes, Clifford Henry",
fjournal = "Communications in Mathematical Physics",
journal = "Comm. Math. Phys.",
number = "3",
pages = "277--292",
publisher = "Springer",
title = "Arbitrary $N$-vortex solutions to the first order Ginzburg-Landau equations",
url = "https://projecteuclid.org:443/euclid.cmp/1103907703",
volume = "72",
year = "1980"
}


